% Encoding: UTF-8

@book{Arens.2015,
 abstract = {Dieses vierfarbige Lehrbuch bietet in einem Band ein lebendiges Bild der {\glqq}gesamten{\grqq} Mathematik f{\"u}r Anwender. Angehende Ingenieure und Naturwissenschaftler finden hier die wichtigen Konzepte und Begriffe ausf{\"u}hrlich und mit vielen Beispielen erkl{\"a}rt. Im Mittelpunkt stehen das Verst{\"a}ndnis der Zusammenh{\"a}nge und die Beherrschung der Rechentechniken.~~ Herausragende Merkmale sind: durchg{\"a}ngig vierfarbiges Layout mit mehr als 1500 Abbildungen pr{\"a}gnant formulierte Kerngedanken bilden die Abschnitts{\"u}berschriften Selbsttests in kurzen Abst{\"a}nden erm{\"o}glichen Lernkontrolle w{\"a}hrend des Lesens farbige Merkk{\"a}sten heben das Wichtigste hervor mehr als 100 Anwendungsboxen erl{\"a}utern Themen wie {\glqq}Geometrie hinter dem GPS{\grqq}, {\glqq}Pageranking bei Google{\grqq} oder {\glqq}harmonischer Oszillator{\grqq} Vertiefungsboxen geben einen Ausblick auf weiterf{\"u}hrende Themen Zusammenfassungen zu jedem Kapitel sowie {\"U}bersichtsboxen mehr als 750 Verst{\"a}ndnisfragen, Rechenaufgaben und Anwendungsprobleme ~Inhaltlich spannt sich der Bogen von elementaren Grundlagen {\"u}ber die Analysis einer Ver{\"a}nderlichen, der linearen Algebra, der Analysis mehrer Ver{\"a}nderlicher bis hin zu fortgeschrittenen Themen der Analysis, die f{\"u}r die Anwendung besonders wichtig sind, wie partielle Differenzialgleichungen, Fourierreihen und Laplacetransformationen. Numerische Konzepte sind integraler Bestandteil der Kapitel. Der Wahrscheinlichkeitsrechnung und Statistik ist einer der sechs Teile des Buchs gewidmet. ~Auf der Website zum Buch (Matheweb) finden Sie Bonusmaterialien zu zahlreichen Kapiteln Hinweise, L{\"o}sungswege und Ergebnisse zu allen Aufgaben Zusatzmaterialien wie Maple-Worksheets zu verschiedenen Themen des Buchs~~ die M{\"o}glichkeit, zu den Kapiteln Fragen zu stellen Das Buch wird allen Anwendern der Mathematik vom Beginn des~Studiums {\"u}ber h{\"o}here Semester bis in die Berufspraxis hinein ein langj{\"a}hriger verl{\"a}sslicher Begleiter sein. F{\"u}r die 3. Auflage ist es vollst{\"a}ndig durchgesehen~und in Details erg{\"a} nzt und didaktisch weiter verbessert worden. Stimmen zur 1. Auflage {\glqq}Ein Lehrbuch, das Ma{\ss}st{\"a}be setzt!{\grqq}~ Prof. Dr. Bernd Simeon, TU Kaiserslautern {\glqq}Endlich ein deutschsprachiges Mathematikbuch, das so richtig Spa{\ss} macht.{\grqq} Prof. Dr. Martin Pohl, Hochschule Regensburg {\glqq}Ein komplett neues und einmaliges Konzept: optisch und didaktisch geschrieben mit der Anschaulichkeit eines Schulbuches; mathematisch jedoch immer exakt und auch anspruchsvolle Themen erfassend. Meine Kollege ...},
 author = {Arens, Tilo and Hettlich, Frank and Karpfinger, Christian and Kockelkorn, Ulrich and Lichtenegger, Klaus and Stachel, Hellmuth},
 year = {2015},
 title = {Mathematik},
 url = {http://dx.doi.org/10.1007/978-3-642-44919-2},
 address = {Berlin and Heidelberg},
 edition = {3. Auflage},
 publisher = {{Springer Spektrum}},
 isbn = {978-3642449185},
 doi = {10.1007/978-3-642-44919-2}
}


@book{Hartkopf.2013,
 author = {Hartkopf, G.},
 year = {2013},
 title = {Richtlinien f{\"u}r die Anlage von Landstra{\ss}en RAL},
 address = {K{\"o}ln},
 volume = {201},
 publisher = {FGVS-Verl.},
 isbn = {978-3-86446-039-5},
 series = {FGSV},
 institution = {{Forschungsgesellschaft f{\"u}r Stra{\ss}en- und Verkehrswesen}}
}


@book{Mitsos.2016,
 author = {Mitsos, Alexander and Marquardt, Wolfgang},
 year = {2016},
 title = {Applied Numerical Optimization: Lecture Notes},
 keywords = {dynamic optimization;global optimization;KKT conditions;linear programming;nonlinear programming;Numerical optimization;semi-infinite programming},
 institution = {{AVT Process Systems Engineering, RWTH Aachen University}}
}



